@article{buck2020go,
author={Buck, Sean and Carter, Ted},
year={2020},
title={Go Navy, beat Army.},
journal={Journal of Beating Army},
volume={21},
pages={1845--2021}}